@article{google,
    address = {Los Alamitos, CA, USA},
    author = {Barroso, Luiz  A.  and Dean, Jeffrey   and HÃ¶lzle, Urs  },
    doi = {10.1109/MM.2003.1196112},
    issn = {0272-1732},
    journal = {IEEE Micro},
    keywords = {distributed, google},
    month = {March},
    number = {02},
    pages = {22--28},
    posted-at = {2009-01-06 00:52:15},
    priority = {2},
    publisher = {IEEE Computer Society Press},
    title = {Web Search for a Planet: The Google Cluster Architecture},
    url ={http://dx.doi.org/10.1109/MM.2003.1196112},
    volume = {23},
    year = {2003}
}

