@Book{knuth:84,
  author = 	 {Donald E. Knuth},
  title = 	 {The {\TeX} Book},
  publisher = 	 {Addison-Wesley},
  year = 	 {1984},
  edition = 	 {15th}
}

@InCollection{boulic:91,
  author = 	 {R. Boulic and O. Renault},
  title = 	 {3D Hierarchies for Animation},
  booktitle = 	 {New Trends in Animation and Visualization},
  publisher =    {John Wiley {\&} Sons ltd.},
  year = 	 {1991},
  editor = 	 {Nadia Magnenat-Thalmann and Daniel Thalmann}
}

@InCollection{smith:99,
  author = 	 {A. Smith and B. Jones},
  title = 	 {On the Complexity of Computing},
  booktitle = 	 {Advances in Computer Science},
  pages = 	 {555--566},
  publisher =    {Publishing Press},
  year = 	 {1999},
  editor = 	 {A. B. Smith-Jones}
}

@MISC{ian,
    AUTHOR = "Ian Sommervile",
    TITLE = "Dependability Requirements",
    HOWPUBLISHED =
        "\texttt{http://www.cs.st-andrews.ac.uk/~ifs/Teaching/MScSysEng-2004/Presentations/DependabilityReq.pdf}"
}


@MISC{wiki:UML,
    AUTHOR = "Wikipedia",
    TITLE = "Unified Modeling Language",
    HOWPUBLISHED =
        "\texttt{http://en.wikipedia.org/wiki/Unified\_Modeling\_Language}"
}

@MISC{wiki:AD,
    AUTHOR = "Wikipedia",
    TITLE = "Activity diagram",
    HOWPUBLISHED =
        "\texttt{http://en.wikipedia.org/wiki/Activity\_diagram}"
}

@MISC{wiki:UC,
    AUTHOR = "Wikipedia",
    TITLE = "Use case",
    HOWPUBLISHED =
        "\texttt{http://en.wikipedia.org/wiki/Use\_case}"
}

