@MISC{ian,
    AUTHOR = "Ian Sommervile",
    TITLE = "Dependability Requirements",
    HOWPUBLISHED =
        "\texttt{http://www.cs.st-andrews.ac.uk/~ifs/Teaching/MScSysEng-2004/Presentations/DependabilityReq.pdf}"
}


@MISC{wiki:UML,
    AUTHOR = "Wikipedia",
    TITLE = "Unified Modeling Language",
    HOWPUBLISHED =
        "\texttt{http://en.wikipedia.org/wiki/Unified\_Modeling\_Language}"
}

@MISC{wiki:AD,
    AUTHOR = "Wikipedia",
    TITLE = "Activity diagram",
    HOWPUBLISHED =
        "\texttt{http://en.wikipedia.org/wiki/Activity\_diagram}"
}

@MISC{wiki:UC,
    AUTHOR = "Wikipedia",
    TITLE = "Use case",
    HOWPUBLISHED =
        "\texttt{http://en.wikipedia.org/wiki/Use\_case}"
}

