@MISC{cite:cmake,
    title = "CMake",
    author = "Kitware",
    note = "Disponível em http://www.cmake.org/"
}

@MISC{cite:boost-unit,
    title = "Boost Test Library: Unit Test Framework",
    author = "Boost",
    note = "Disponível em
        http://www.boost.org/doc/libs/1\_34\_0/libs/test/doc/components/utf/index.html"
}

@MISC{cite:doxygen,
    title = "Doxygen - Source code documentation generator tool",
    author = "Dimitri van Heesch",
    note = "Disponível em
        http://www.stack.nl/~dimitri/doxygen/"
}

@MISC{cite:stl,
    title = "STL Containers",
    author = "STL",
    note = "Disponível em
        http://www.cplusplus.com/reference/stl/"
}
